@electronic{imagemagick,
  title = {Image{M}agick},
  url = {http://www.imagemagick.org/}
}

@electronic{nodejs,
  title = {Node{JS}},
  url = {http://www.nodejs.org/}
}

@electronic{socket.io,
  title = {Socket.io},
  url = {http://www.socket.io/}
}

@electronic{ReactJS,
  title = {ReactJS},
  url = {http://reactjs.org/}
}

@electronic{redux,
  title = {ReduxJS},
  url = {http://redux.js.org/}
}

@electronic{rxjs,
  title = {RxJS},
  url = {http://reactivex.io/rxjs/}
}

@electronic{bunyan,
  title = {Bunyan},
  url = {https://github.com/trentm/node-bunyan}
}

@electronic{log4j,
  title = {Log4J},
  url = {https://logging.apache.org/log4j/2.x/}
}

@electronic{aws,
  title = {{Amazon Web Services (AWS)}},
  url = {https://aws.amazon.com/}
}

@electronic{aws-ami,
  title = {{AWS AMI}},
  url = {http://docs.aws.amazon.com/AWSEC2/latest/UserGuide/AMIs.html}
}

@electronic{landsat_s3,
  title = {{Landsat on AWS}},
  url = {https://aws.amazon.com/public-datasets/landsat/}
}

@book{jain1990art,
  title={The art of computer systems performance analysis: techniques for experimental design, measurement, simulation, and modeling},
  author={Jain, Raj},
  year={1990},
  publisher={John Wiley \& Sons}
}

@inproceedings{villegas2012analysis,
  title={An analysis of provisioning and allocation policies for infrastructure-as-a-service clouds},
  author={Villegas, David and Antoniou, Athanasios and Sadjadi, Seyed Masoud and Iosup, Alexandru},
  booktitle={Cluster, Cloud and Grid Computing (CCGrid), 2012 12th IEEE/ACM International Symposium on},
  pages={612--619},
  year={2012},
  organization={IEEE}
}

@electronic{typescript,
  title = {Typescript Programming Language},
  url = {https://www.typescriptlang.org/}
}

@electronic{reactivex,
  title = {Reactive Extensions},
  url = {http://reactivex.io/}
}

@electronic{elasticsearch,
  title = {Elasticsearch},
  url = {https://www.elastic.co/products/elasticsearch}
}

@electronic{express,
  title = {Express framework},
  url = {https://expressjs.com/}
}

@techreport{rfc3302,
  author = {G Parsons and J Rafferty},
  title = {Tag Image File Format (TIFF)},
  howpublished = {Internet Requests for Comments},
  type = {RFC} ,
  number = 3302,
  year = {2002},
  month = {September},
  url = {http://www.rfc-editor.org/rfc/rfc3302.txt}
}

@article{jpeg,
    author = {Gregory K. Wallace},
    title = {The JPEG still picture compression standard},
    journal = {Communications of the ACM},
    year = {1991},
    pages = {30--44}
}

 @techreport{rfc7159,
  author = {T. Bray},
  title = {The JavaScript Object Notation (JSON) Data Interchange Format},
  howpublished = {Internet Requests for Comments},
  type = {RFC} ,
  number = 7159,
  year = {2014},
  month = {March},
  url = {http://www.rfc-editor.org/rfc/rfc7159.txt}
}

@electronic{aws_batch,
  title = {AWS Batch Processing},
  url = {https://media.amazonwebservices.com/architecturecenter/AWS_ac_ra_batch_03.pdf}
}

@inproceedings{guo2012game,
  title={The game trace archive},
  author={Guo, Yong and Iosup, Alexandru},
  booktitle={Proceedings of the 11th Annual Workshop on Network and Systems Support for Games},
  pages={4},
  year={2012},
  organization={IEEE Press}
}

@article{cronin2004efficient,
  title={An efficient synchronization mechanism for mirrored game architectures},
  author={Cronin, Eric and Kurc, Anthony R and Filstrup, Burton and Jamin, Sugih},
  journal={Multimedia Tools and Applications},
  volume={23},
  number={1},
  pages={7--30},
  year={2004},
  publisher={Springer}
}